<?xml version="1.0" encoding="UTF-8"?><collection xmlns="http://www.loc.gov/MARC21/slim"><record><leader>00486nam--2200169-i-4500</leader><controlfield tag="001">000023701</controlfield><controlfield tag="002">20161230</controlfield><controlfield tag="005">20170127000021</controlfield><controlfield tag="008">060222s1000------------r-----000-0-eng-d</controlfield><datafield ind1=" " ind2=" " tag="040"><subfield code="a">IFIN-HH</subfield></datafield><datafield ind1=" " ind2=" " tag="080"><subfield code="a">519.615(043)</subfield></datafield><datafield ind1=" " ind2=" " tag="100"><subfield code="a">Jamet, Pierre</subfield></datafield><datafield ind1=" " ind2=" " tag="245"><subfield code="a">Estimation d`erreur pour des elements finis droits presque degeneres</subfield></datafield><datafield ind1=" " ind2=" " tag="260"><subfield code="a">Villenneuve</subfield><subfield code="b">Saint-Georges, Centre D`Etude De Limeil</subfield><subfield code="c">1976</subfield></datafield><datafield ind1=" " ind2=" " tag="300"><subfield code="a">/43-60 p.</subfield></datafield><datafield ind1=" " ind2=" " tag="852"><subfield code="a">44912</subfield><subfield code="c">518.12</subfield></datafield><datafield ind1=" " ind2=" " tag="CAT"><subfield code="a">SYS</subfield><subfield code="c">20170127</subfield><subfield code="h">000021</subfield></datafield></record></collection>